@article{acemoglu2008,
  author  = {Daron Acemoglu and Simon Johnson and Pablo Querubin and James Robinson},
  title   = {The Colonial Origins of Comparative Development: An Empirical Investigation},
  journal = {American Economic Review},
  volume  = {91},
  number  = {5},
  pages   = {1369--1401},
  year    = {2008}
}

@misc{fed2024,
  title  = {How Well-Anchored are Long-term Inflation Expectations in Latin America?},
  author = {{Federal Reserve Board}},
  year   = {2024},
  url    = {https://www.federalreserve.gov/econres/notes/feds-notes/how-well-anchored-are-long-term-inflation-expectations-in-latin-america-20241220.html},
  note   = {Acesso em: 25 fev. 2025}
}

@article{depooter2014,
  author    = {Michiel De Pooter and Patrice Robitaille and Ian Walker and Michael Zdinak},
  title     = {Are Long-Term Inflation Expectations Well Anchored in Brazil, Chile, and Mexico?},
  journal   = {International Journal of Central Banking},
  volume    = {10},
  number    = {2},
  pages     = {337--360},
  year      = {2014},
  publisher = {Federal Reserve Board of Governors}
}

@techreport{adrian2024,
  author       = {Adrian, Tobias and Khan, Ashraf and Menand, Lev},
  title        = {A New Measure of Central Bank Independence},
  institution  = {International Monetary Fund},
  type         = {IMF Working Paper},
  number       = {WP/24/35},
  year         = {2024},
  month        = {February},
  url          = {https://www.imf.org/en/Publications/WP/Issues/2024/02/23/A-New-Measure-of-Central-Bank-Independence-545270},
  note         = {Acesso em: 28 fev. 2025}
}

@techreport{jacome2022,
  author       = {Jácome, Luis I. and Pienknagura, Samuel},
  title        = {Central Bank Independence and Inflation in Latin America---Through the Lens of History},
  institution  = {International Monetary Fund},
  type         = {IMF Working Paper},
  number       = {WP/22/186},
  year         = {2022},
  month        = {September},
  url          = {https://www.imf.org/en/Publications/WP/Issues/2022/09/16/Central-Bank-Independence-and-Inflation-in-Latin-America-Through-the-Lens-of-History-523542},
  note         = {Acesso em: 28 fev. 2025}
}

@techreport{unsal2023,
  author       = {Unsal, D. Filiz and Papageorgiou, Chris},
  title        = {Monetary Policy Frameworks: An Index and New Evidence},
  institution  = {International Monetary Fund},
  type         = {Manuscrito não publicado},
  note         = {Versão preliminar, nov. 2023},
  year         = {2023},
  month        = {November},
  url          = {https://data.imf.org/api/document/download?key=74044185},
  note         = {Acesso em: 28 fev. 2025}
}

@book{woodford2003,
  author    = {Woodford, Michael},
  title     = {Interest and Prices: Foundations of a Theory of Monetary Policy},
  publisher = {Princeton University Press},
  year      = {2003},
  address   = {Princeton, NJ},
  note      = {Acesso em: 28 fev. 2025}
}

@article{clarida1999,
  author  = {Clarida, Richard and Gali, Jordi and Gertler, Mark},
  title   = {The Science of Monetary Policy: A New Keynesian Perspective},
  journal = {Journal of Economic Literature},
  volume  = {37},
  number  = {4},
  pages   = {1661--1707},
  year    = {1999},
  doi     = {10.1257/jel.37.4.1661},
  note    = {Acesso em: 28 fev. 2025}
}

@book{gali2015,
  author    = {Gali, Jordi},
  title     = {Monetary Policy, Inflation, and the Business Cycle: An Introduction to the New Keynesian Framework and Its Applications},
  publisher = {Princeton University Press},
  edition   = {2nd},
  year      = {2015},
  address   = {Princeton, NJ},
  note      = {Acesso em: 28 fev. 2025}
}

@book{CameronTrivedi2005,
  title     = {Microeconometrics: Methods and Applications},
  author    = {Cameron, A. Colin and Trivedi, Pravin K.},
  year      = {2005},
  publisher = {Cambridge University Press},
  address   = {Cambridge},
  isbn      = {9780521848053}
}

@misc{fischer1994,
  author = {Fischer, Stanley},
  title  = {Central bank independence revisited},
  year   = {1994},
  note   = {BIS Review, n.~55},
  url    = {https://www.bis.org/review/r151109c.htm}
}

@misc{fischer2015,
  author = {Fischer, Stanley},
  title  = {Central bank independence},
  year   = {2015},
  note   = {National Economists Club, Washington, D.C., 4 nov. 2015},
  url    = {https://www.federalreserve.gov/newsevents/speech/fischer20151104a.htm}
}

@misc{lagarde2025,
  author       = {Christine Lagarde},
  title        = {Central bank independence in an era of volatility},
  year         = {2025},
  note         = {Discurso proferido em Frankfurt, 27 jan. 2025},
  institution  = {European Central Bank},
  type         = {Discurso},
  url          = {https://www.ecb.europa.eu/press/key/date/2025/html/ecb.sp250127~16c35af0c0.en.html},
  urldate      = {2025-06-06}
}

@online{athanassopoulos2025,
  author       = {Angelos Athanassopoulos and Donato Masciandaro and Davide Romelli},
  title        = {It matters even more: Central bank independence, long-run inflation, and persistence},
  date         = {2025-02-18},
  institution  = {VoxEU / CEPR},
  url          = {https://cepr.org/voxeu/columns/it-matters-even-more-central-bank-independence-long-run-inflation-and-persistence},
  urldate      = {2025-06-06}
}

@online{cnnbrasil2025,
  author       = {{CNN Brasil}},
  title        = {Alta incerteza global dificulta política monetária e pressiona BCs, diz FMI},
  date         = {2025-04-25},
  institution  = {CNN Brasil},
  url          = {https://www.cnnbrasil.com.br/economia/macroeconomia/alta-incerteza-global-dificulta-politica-monetaria-e-pressiona-bcs-diz-fmi/},
  urldate      = {2025-06-06}
}

@online{stlouisfed-independencia,
  author       = {{Federal Reserve Bank of St. Louis}},
  title        = {Central Bank Independence and Inflation},
  year         = {s.d.},
  institution  = {Federal Reserve Bank of St. Louis},
  url          = {https://www.stlouisfed.org/about-us/resources/why-fed-is-well-designed-central-bank/central-bank-independence-inflation},
  urldate      = {2025-06-06},
  note         = {Acesso em: 06 jun. 2025}
}

@Article{tidyverse,
    title = {Welcome to the {tidyverse}},
    author = {Hadley Wickham and Mara Averick and Jennifer Bryan and Winston Chang and Lucy D'Agostino McGowan and Romain François and Garrett Grolemund and Alex Hayes and Lionel Henry and Jim Hester and Max Kuhn and Thomas Lin Pedersen and Evan Miller and Stephan Milton Bache and Kirill Müller and Jeroen Ooms and David Robinson and Dana Paige Seidel and Vitalie Spinu and Kohske Takahashi and Davis Vaughan and Claus Wilke and Kara Woo and Hiroaki Yutani},
    year = {2019},
    journal = {Journal of Open Source Software},
    volume = {4},
    number = {43},
    pages = {1686},
    doi = {10.21105/joss.01686},
  }

 @Manual{WDI,
    title = {WDI: World Development Indicators and Other World Bank Data},
    author = {Vincent Arel-Bundock},
    year = {2025},
    note = {R package version 2.7.9},
    url = {https://CRAN.R-project.org/package=WDI},
    doi = {10.32614/CRAN.package.WDI},
}

@Article{countrycode,
    title = {countrycode: An R package to convert country names and country codes},
    author = {Vincent Arel-Bundock and Nils Enevoldsen and CJ Yetman},
    journal = {Journal of Open Source Software},
    year = {2018},
    volume = {3},
    number = {28},
    pages = {848},
    url = {https://doi.org/10.21105/joss.00848},
  }

@Manual{imf.data,
    title = {imf.data: An Interface to IMF (International Monetary Fund) Data JSON API},
    author = {Pedro Baltazar},
    year = {2024},
    note = {R package version 0.1.7},
    url = {https://CRAN.R-project.org/package=imf.data},
    doi = {10.32614/CRAN.package.imf.data},
  }

@Manual{readxl,
    title = {readxl: Read Excel Files},
    author = {Hadley Wickham and Jennifer Bryan},
    year = {2025},
    note = {R package version 1.4.5},
    url = {https://CRAN.R-project.org/package=readxl},
    doi = {10.32614/CRAN.package.readxl},
  }