<!DOCTYPE html>
<html lang="en">
  <head>
    <script src="https://www.googletagmanager.com/gtag/js?id=G-SK427PMRZB" async></script>
    <script>window.dataLayer = window.dataLayer || [];
function gtag(){dataLayer.push(arguments);}
gtag('js', new Date());
gtag('config', 'G-SK427PMRZB');
</script>

    <meta charset="UTF-8" />
    <link rel="icon" type="image/svg+xml" href="/assets/favicon-5ae6e672.svg" />
    <meta name="viewport" content="width=device-width, initial-scale=1.0" />
    <title>CiteDrive App</title>
    <script type="module" crossorigin src="/assets/index-d1fb04d2.js"></script>
    <link rel="stylesheet" href="/assets/index-859d0836.css">
  </head>
  <body>
    <div id="root"></div>
     <div id="portal"></div>
    
  </body>
</html>
