@article{Taylor&Taylor,
author={Alan M. Taylor and Mark P. Taylor},
journal={Journal of Economic Perspectives},
pages={135-158},
title={The Purchasing Power Parity Debate},
volume={18},
year={2004}
}
