@book{FME1,
    author = {Gelson Iezzi and Carlos Murakami},
    address = {São Paulo},
    publisher = {Atual},
    title = {Fundamentos da Matemática Elementar: Conjuntos e Funções},
    edition = {9ª edição},
    pages = {400},
    year = {2021}
}

@book{FME2,
    author = {Gelson Iezzi and Carlos Murakami},
    address = {São Paulo},
    publisher = {Atual},
    title = {Fundamentos da Matemática Elementar: Exponencial e Logaritmo},
    edition = {10ª edição},
    pages = {400},
    year = {2021}
}

@book{FME3,
    author = {Gelson Iezzi and Carlos Murakami},
    address = {São Paulo},
    publisher = {Atual},
    title = {Fundamentos da Matemática Elementar: Trigonometria},
    edition = {9ª edição},
    pages = {400},
    year = {2021}
}

@book{FME4,
    author = {Gelson Iezzi and Carlos Murakami},
    address = {São Paulo},
    publisher = {Atual},
    title = {Fundamentos da Matemática Elementar: Sequências, Matrizes, Determinantes e Sistemas Lineares},
    edition = {8ª edição},
    pages = {400},
    year = {2021}
}

@book{FME5,
    author = {Gelson Iezzi and Carlos Murakami},
    address = {São Paulo},
    publisher = {Atual},
    title = {Fundamentos da Matemática Elementar: Combinatória e Probabilidade},
    edition = {8ª edição},
    pages = {400},
    year = {2021}
}

@book{FME6,
    author = {Gelson Iezzi and Carlos Murakami},
    address = {São Paulo},
    publisher = {Atual},
    title = {Fundamentos da Matemática Elementar: Complexos e Polinômios},
    edition = {8ª edição},
    pages = {400},
    year = {2021}
}

@book{FME7,
    author = {Gelson Iezzi and Carlos Murakami},
    address = {São Paulo},
    publisher = {Atual},
    title = {Fundamentos da Matemática Elementar: Geometria Analítica},
    edition = {6ª edição},
    pages = {400},
    year = {2021}
}

@book{FME8,
    author = {Gelson Iezzi and Carlos Murakami},
    address = {São Paulo},
    publisher = {Atual},
    title = {Fundamentos da Matemática Elementar: Limites, Derivadas e Noções de Integral},
    edition = {7ª edição},
    pages = {400},
    year = {2021}
}

@book{FME9,
    author = {Gelson Iezzi and Carlos Murakami},
    address = {São Paulo},
    publisher = {Atual},
    title = {Fundamentos da Matemática Elementar: Geometria Plana},
    edition = {9ª edição},
    pages = {400},
    year = {2021}
}

@book{FME10,
    author = {Gelson Iezzi and Carlos Murakami},
    address = {São Paulo},
    publisher = {Atual},
    title = {Fundamentos da Matemática Elementar: Geometria Espacial de Posição e Métrica},
    edition = {7ª edição},
    pages = {400},
    year = {2021}
}

@book{FME11,
    author = {Gelson Iezzi and Carlos Murakami},
    address = {São Paulo},
    publisher = {Atual},
    title = {Fundamentos da Matemática Elementar: Matemática Financeira e Comercial},
    edition = {2ª edição},
    pages = {400},
    year = {2021}
}

@book{UCG1,
  author    = {Guidorizzi, Hamilton Luiz},
  address   = {São Paulo},
  publisher = {LTC},
  title     = {Um Curso de Cálculo},
  subtitle  = {Limite, Derivada, Integral de Funções},
  edition   = {6ª edição},
  pages     = {633},
  year      = {2018}
}

@book{UCG2,
  author    = {Guidorizzi, Hamilton Luiz},
  address   = {São Paulo},
  publisher = {LTC},
  title     = {Um Curso de Cálculo},
  subtitle  = {Funções Integráveis, Derivadas Parciais, Limite e Continuidade},
  edition   = {6ª edição},
  pages     = {},  % Informação indisponível
  year      = {2018}
}

@book{UCG3,
  author    = {Guidorizzi, Hamilton Luiz},
  address   = {São Paulo},
  publisher = {LTC},
  title     = {Um Curso de Cálculo},
  subtitle  = {Integrais Duplas, Integrais Triplas, Integrais de Linha},
  edition   = {6ª edição},
  pages     = {348},
  year      = {2018}
}

@book{UCG4,
  author    = {Guidorizzi, Hamilton Luiz},
  address   = {São Paulo},
  publisher = {LTC},
  title     = {Um Curso de Cálculo},
  subtitle  = {Sequências Numéricas, Séries Numéricas, Sequências de Funções},
  edition   = {6ª edição},
  pages     = {500},
  year      = {2018}
}

@book{ALSA,
  author    = {Lay, David C. and Lay, Steven R. and McDonald, Judi J.},
  address   = {São Paulo},
  publisher = {LTC},
  title     = {Álgebra Linear e Suas Aplicações},
  subtitle  = {},
  edition   = {5ª edição},
  pages     = {480},
  year      = {2018}
}

@book{ATMYM,
  author    = {Garrity, Thomas A.},
  address   = {},  % Informação indisponível
  publisher = {Cambridge University Press},
  title     = {All the Math You Missed},
  subtitle  = {But Need to Know for Graduate School},
  edition   = {2nd Revised ed.},
  pages     = {416},
  year      = {2021}
}

@book{AL_ELL,
  author    = {Lima, Elon Lages},
  address   = {Rio de Janeiro},
  publisher = {IMPA},
  title     = {Álgebra Linear},
  subtitle  = {},
  edition   = {10ª edição},
  pages     = {356},
  year      = {2020}
}

@book{ARV1_ELL,
  author    = {Lima, Elon Lages},
  address   = {Rio de Janeiro},
  publisher = {IMPA},
  title     = {Análise Real - Funções de uma Variável},
  subtitle  = {Volume 1},
  edition   = {13ª edição},
  pages     = {216},
  year      = {2020}
}

@book{ARV2_ELL,
  author    = {Lima, Elon Lages},
  address   = {Rio de Janeiro},
  publisher = {IMPA},
  title     = {Análise Real - Funções de n Variáveis},
  subtitle  = {Volume 2},
  edition   = {6ª edição},
  pages     = {202},
  year      = {2016}
}

@book{ARV3_ELL,
  author    = {Lima, Elon Lages},
  address   = {Rio de Janeiro},
  publisher = {IMPA},
  title     = {Análise Real - Análise Vetorial},
  subtitle  = {Volume 3},
  edition   = {4ª edição},
  pages     = {146},
  year      = {2016}
}

@book{CVRPZT,
  author    = {Táboas, Plácido Zoega},
  address   = {Rio de Janeiro},
  publisher = {EDUSP},
  title     = {Cálculo em uma Variável Real},
  subtitle  = {},
  edition   = {1ª edição},
  pages     = {344},
  year      = {2008}
}

@book{CAV1_ELL,
  author    = {Lima, Elon Lages},
  address   = {Rio de Janeiro},
  publisher = {IMPA},
  title     = {Curso de Análise},
  subtitle  = {Volume 1},
  edition   = {15ª edição},
  pages     = {320},
  year      = {2019}
}

@book{CAV2_ELL,
  author    = {Lima, Elon Lages},
  address   = {Rio de Janeiro},
  publisher = {IMPA},
  title     = {Curso de Análise},
  subtitle  = {Volume 2},
  edition   = {12ª edição},
  pages     = {464},
  year      = {2020}
}

@book{EMEA,
  author    = {Sydsaeter, Knut and Hammond, Peter and Strom, Arne and Carvajal, Andrés},
  address   = {},  % Informação indisponível
  publisher = {Pearson},
  title     = {Essential Mathematics for Economic Analysis},
  subtitle  = {},
  edition   = {6ª edição},
  pages     = {745},
  year      = {2022}
}

@book{ABIH,
  author    = {Hairer, Ernst and Wanner, Gerhard},
  address   = {},  % Informação indisponível
  publisher = {Springer},
  title     = {Analysis by Its History},
  subtitle  = {},
  edition   = {2008},
  pages     = {379},
  year      = {2008}
}

@book{IAL_AHCSF,
  author    = {Hefez, Abramo and Fernandez, Cecília de Souza},
  address   = {Rio de Janeiro},
  publisher = {SBM},
  title     = {Introdução à Álgebra Linear},
  subtitle  = {},
  edition   = {3ª edição},
  pages     = {292},
  year      = {2022}
}

@book{IFVC_CSF,
  author    = {Fernandez, Cecília de Souza},
  address   = {Rio de Janeiro},
  publisher = {SBM},
  title     = {Introdução às Funções de uma Variável Complexa},
  subtitle  = {},
  edition   = {5ª edição},
  pages     = {280},
  year      = {2019}
}

@book{TAE_RFL,
  author    = {Lima, Ronaldo Freire de},
  address   = {Rio de Janeiro},
  publisher = {SBM},
  title     = {Topologia e Análise no Espaço Rn},
  subtitle  = {},
  edition   = {1ª edição},
  pages     = {498},
  year      = {2015}
}







